@book{schnack2009lectures,
  title={Lectures in Magnetohydrodynamics: With an Appendix on Extended MHD},
  author={Schnack, D.D.},
  isbn={9783642006883},
  lccn={2009926863},
  series={Lecture Notes in Physics},
  url={https://books.google.co.uk/books?id=YLNtCQAAQBAJ},
  year={2009},
  publisher={Springer Berlin Heidelberg}
}

@book{biskamp1997nonlinear,
  title={Nonlinear Magnetohydrodynamics},
  author={Biskamp, D.},
  isbn={9780521599184},
  lccn={97201462},
  series={Cambridge Monographs on Plasma Physics},
  url={https://books.google.co.uk/books?id=OzFNhaVKA48C},
  year={1997},
  publisher={Cambridge University Press}
}

@article{schekochihin2004critical,
  title={Critical magnetic Prandtl number for small-scale dynamo},
  author={Schekochihin, Alexander A and Cowley, Steven C and Maron, Jason L and McWilliams, James C},
  journal={Physical review letters},
  volume={92},
  number={5},
  pages={054502},
  year={2004},
  publisher={APS}
}

@article{tobias2011mhd,
  title={MHD dynamos and turbulence},
  author={Tobias, Steven M and Cattaneo, Fausto and Boldyrev, Stanislav},
  journal={arXiv preprint arXiv:1103.3138},
  year={2011}
}

@article{schekochihin2004simulations,
  title={Simulations of the small-scale turbulent dynamo},
  author={Schekochihin, Alexander A and Cowley, Steven C and Taylor, Samuel F and Maron, Jason L and McWilliams, James C},
  journal={The Astrophysical Journal},
  volume={612},
  number={1},
  pages={276},
  year={2004},
  publisher={IOP Publishing}
}

@misc{LinkmannMoritzFrederikLeon2016Spim,
publisher = "The University of Edinburgh",
year = "2016",
title = "Self-organisation processes in (magneto)hydrodynamic turbulence",
language = "eng",
author = "Linkmann, Moritz Frederik Leon",
keywords = "turbulence; magnetohydrodynamic; chaotic dynamics",
}