@article{brandenburg2014magnetic,
  title={Magnetic Prandtl number dependence of the kinetic-to-magnetic dissipation ratio},
  author={Brandenburg, Axel},
  journal={The Astrophysical Journal},
  volume={791},
  number={1},
  pages={12},
  year={2014},
  publisher={IOP Publishing}
}

@article{plunian2013shell,
  title={Shell models of magnetohydrodynamic turbulence},
  author={Plunian, Franck and Stepanov, Rodion and Frick, Peter},
  journal={Physics Reports},
  volume={523},
  number={1},
  pages={1--60},
  year={2013},
  publisher={Elsevier}
}

@article{brandenburg2011dissipation,
  title={Dissipation in dynamos at low and high magnetic Prandtl numbers},
  author={Brandenburg, Axel},
  journal={Astronomische Nachrichten},
  volume={332},
  number={1},
  pages={51--56},
  year={2011},
  publisher={Wiley Online Library}
}

@article{guervilly2015generation,
  title={Generation of magnetic fields by large-scale vortices in rotating convection},
  author={Guervilly, C{\'e}line and Hughes, David W and Jones, Chris A},
  journal={Physical Review E},
  volume={91},
  number={4},
  pages={041001},
  year={2015},
  publisher={APS}
}

@article{plunian2010cascades,
  title={Cascades and dissipation ratio in rotating magnetohydrodynamic turbulence at low magnetic Prandtl number},
  author={Plunian, Franck and Stepanov, Rodion},
  journal={Physical Review E},
  volume={82},
  number={4},
  pages={046311},
  year={2010},
  publisher={APS}
}

@article{hood2011solar,
  title={Solar magnetic fields},
  author={Hood, Alan W and Hughes, David W},
  journal={Physics of the Earth and Planetary Interiors},
  volume={187},
  number={3},
  pages={78--91},
  year={2011},
  publisher={Elsevier}
}
