@misc{pope2001turbulent,
  title={Turbulent flows},
  author={Pope, Stephen B},
  year={2001},
  publisher={IOP Publishing}
}

@article{sahoo2011systematics,
  title={Systematics of the magnetic-Prandtl-number dependence of homogeneous, isotropic magnetohydrodynamic turbulence},
  author={Sahoo, Ganapati and Perlekar, Prasad and Pandit, Rahul},
  journal={New Journal of Physics},
  volume={13},
  number={1},
  pages={013036},
  year={2011},
  publisher={IOP Publishing}
}

@article{mccomb1990physics,
  title={The physics of fluid turbulence},
  author={McComb, William D},
  journal={Chemical Physics},
  year={1990}
}

@article{yoffe2013investigation,
  title={Investigation of the transfer and dissipation of energy in isotropic turbulence},
  author={Yoffe, Samuel R},
  journal={arXiv preprint arXiv:1306.3408},
  year={2013}
}

@article{brandenburg2014magnetic,
  title={Magnetic Prandtl number dependence of the kinetic-to-magnetic dissipation ratio},
  author={Brandenburg, Axel},
  journal={The Astrophysical Journal},
  volume={791},
  number={1},
  pages={12},
  year={2014},
  publisher={IOP Publishing}
}

@article{plunian2013shell,
  title={Shell models of magnetohydrodynamic turbulence},
  author={Plunian, Franck and Stepanov, Rodion and Frick, Peter},
  journal={Physics Reports},
  volume={523},
  number={1},
  pages={1--60},
  year={2013},
  publisher={Elsevier}
}

@article{brandenburg2011dissipation,
  title={Dissipation in dynamos at low and high magnetic Prandtl numbers},
  author={Brandenburg, Axel},
  journal={Astronomische Nachrichten},
  volume={332},
  number={1},
  pages={51--56},
  year={2011},
  publisher={Wiley Online Library}
}

@article{guervilly2015generation,
  title={Generation of magnetic fields by large-scale vortices in rotating convection},
  author={Guervilly, C{\'e}line and Hughes, David W and Jones, Chris A},
  journal={Physical Review E},
  volume={91},
  number={4},
  pages={041001},
  year={2015},
  publisher={APS}
}

@article{plunian2010cascades,
  title={Cascades and dissipation ratio in rotating magnetohydrodynamic turbulence at low magnetic Prandtl number},
  author={Plunian, Franck and Stepanov, Rodion},
  journal={Physical Review E},
  volume={82},
  number={4},
  pages={046311},
  year={2010},
  publisher={APS}
}

@article{hood2011solar,
  title={Solar magnetic fields},
  author={Hood, Alan W and Hughes, David W},
  journal={Physics of the Earth and Planetary Interiors},
  volume={187},
  number={3},
  pages={78--91},
  year={2011},
  publisher={Elsevier}
}
